% ----------- %
% IEEE Format %
% ----------- %

@online{aspnetcoreintro2023,
  author  = {{Microsoft}},
  title   = {Introduction to ASP.NET Core},
  year    = {2023},
  url     = {https://learn.microsoft.com/en-us/aspnet/core/introduction-to-aspnet-core?view=aspnetcore-8.0},
  urldate = {2024-05-11}
}

@online{nvie2010git,
  author  = {Vincent Driessen},
  title   = {A Successful Git Branching Model},
  year    = {2010},
  url     = {https://nvie.com/posts/a-successful-git-branching-model/},
  urldate = {2024-05-11}
}

@online{netcoresupport,
  author  = {{Microsoft}},
  title   = {.Net Core support},
  year    = {2024},
  url     = {https://dotnet.microsoft.com/en-us/platform/support/policy/dotnet-core},
  urldate = {2024-05-17}
}

@online{gitlabvsgithub,
  author  = {{Prismic}},
  title   = {gitlab vs github},
  year    = {2024},
  url     = {https://prismic.io/blog/gitlab-vs-github},
  urldate = {2024-05-17}
}

@online{kafka,
  author  = {{X}},
  title   = {Processing billions of events in real time at twitter},
  year    = {2024},
  url     = {https://blog.x.com/engineering/en_us/topics/infrastructure/2021/processing-billions-of-events-in-real-time-at-twitter-},
  urldate = {2024-05-17}
}

@online{Loki,
  author  = {{Grafana}},
  title   = {Loki repository},
  year    = {2024},
  url     = {https://github.com/grafana/loki},
  urldate = {2024-05-19}
}


